@online{biblatex,
    author = {Overleaf c/o Digital Science},
    title = {Biblatex citation styles},
    url = {https://www.overleaf.com/learn/latex/Biblatex_citation_styles},
    urldate = {2023-05-05},
    year =  {2023},
    keywords = {biblatex, citations}
}

@manual{Siemens:S7-1500,
    organization = {Siemens AG},
    title = {Manual Collection S7-1500, ET200MP},
    number = {A5E03461181-AK},
    year = {2023},
    month = {1}
}

@misc{todo,
 title        = {TODO!},
 howpublished = {\url{https://www.nasa.gov/nh/pluto-the-other-red-planet}},
 year         = 2015,
 note         = {Accessed: 2018-12-06}
}

@book{elektrischeantriebe,
    title = {Elektrische Antriebe - Regelung von Antriebssystemen},
    editor = {Schröder, Dierck and Böcker, Joachim},
    year = {2021},
    edition = {5},
    chapter = {10.1.6},
    pages = {1392},
    isbn = {978-3-662-62699-3},
    publisher = {Springer Vieweg Berlin, Heidelberg},
    keywords = {Elektrische Antriebstechnik, Regelungstechnik}
}

@article{einstein,
    author = "Albert Einstein",
    title = "{Zur Elektrodynamik bewegter K{\"o}rper}. ({German})
    [{On} the electrodynamics of moving bodies]",
    journal = "Annalen der Physik",
    volume = "322",
    number = "10",
    pages = "891--921",
    year = "1905",
    DOI = "http://dx.doi.org/10.1002/andp.19053221004",
    keywords = "physics"
}

@book{dirac,
    title = {The Principles of Quantum Mechanics},
    author = {Paul Adrien Maurice Dirac},
    isbn = {9780198520115},
    series = {International series of monographs on physics},
    year = {1981},
    publisher = {Clarendon Press},
    keywords = {physics}
}

@online{knuthwebsite,
    author = "Donald Knuth",
    title = "Knuth: Computers and Typesetting",
    url  = "http://www-cs-faculty.stanford.edu/~uno/abcde.html",
    addendum = "(accessed: 01.09.2016)",
    keywords = "latex,knuth"
}

@inbook{knuth-fa,
    author = "Donald E. Knuth",
    title = "Fundamental Algorithms",
    publisher = "Addison-Wesley",
    year = "1973",
    chapter = "1.2",
    keywords  = "knuth,programming"
}

@online{whs,
    author = {Westfälische Hochschule},
    title = {Homepage der Westfälischen Hochschule},
    year = {2023},
    url = {https://www.w-hs.de/},
    urldate = {2023-06-01},
    keywords = {w-hs, Westfälische Hochschule, Bocholt, Gelsenkirchen, Recklinghausen}
}

@online{tikz,
    author = {Feuersänger, Christian and Menke, Henri and Tantau, Till},
    title = {Tikz/PGF Dokumentation},
    year = {2023},
    url = {https://ctan.org/pkg/pgf},
    urldate = {2023-12-06},
    keywords = {TikZ, PGF, LaTeX, graphics}
}

@online{pgfplots,
    author = {Feuersänger, Christian},
    title = {pgfplots Dokumentation},
    year = {2023},
    url = {https://www.ctan.org/pkg/pgfplots},
    urldate = {2023-12-06},
    keywords = {pgfplots, TikZ, PGF, LaTeX, graphics}
}